@misc{image-matching-challenge-2025,
    author = {Fabio Bellavia and Jiri Matas and Dmytro Mishkin and Luca Morelli and Fabio Remondino and Amy Tabb and Eduard Trulls and Kwang Moo Yi and Sohier Dane and Addison Howard and María Cruz},
    title = {Image Matching Challenge 2025},
    year = {2025},
    howpublished = {\url{https://kaggle.com/competitions/image-matching-challenge-2025}},
    note = {Kaggle}
}

@article{lowe2004sift,
  author = {Lowe, David G.},
  title = {Distinctive Image Features from Scale-Invariant Keypoints},
  journal = {International Journal of Computer Vision},
  volume = {60},
  number = {2},
  pages = {91--110},
  year = {2004},
  publisher = {Springer}
}

@inproceedings{dalal2005hog,
  author = {Dalal, Navneet and Triggs, Bill},
  title = {Histograms of Oriented Gradients for Human Detection},
  booktitle = {Proceedings of the IEEE Computer Society Conference on Computer Vision and Pattern Recognition (CVPR)},
  pages = {886--893},
  year = {2005},
  organization = {IEEE}
}

@inproceedings{rublee2011orb,
  author = {Rublee, Ethan and Rabaud, Vincent and Konolige, Kurt and Bradski, Gary},
  title = {ORB: An Efficient Alternative to SIFT or SURF},
  booktitle = {International Conference on Computer Vision (ICCV)},
  pages = {2564--2571},
  year = {2011},
  organization = {IEEE}
}

@article{tola2010daisy,
  author = {Tola, Engin and Lepetit, Vincent and Fua, Pascal},
  title = {DAISY: An Efficient Dense Descriptor Applied to Wide-Baseline Stereo},
  journal = {IEEE Transactions on Pattern Analysis and Machine Intelligence},
  volume = {32},
  number = {5},
  pages = {815--830},
  year = {2010},
  publisher = {IEEE}
}

@misc{vedaldi2008vlfeat,
  author = {Vedaldi, Andrea and Fulkerson, Brian},
  title = {VLFeat: An Open and Portable Library of Computer Vision Algorithms},
  year = {2008},
  note = {\url{http://www.vlfeat.org}}
}

@inproceedings{zagoruyko2015deepcompare,
  author = {Zagoruyko, Sergey and Komodakis, Nikos},
  title = {Learning to Compare Image Patches via Convolutional Neural Networks},
  booktitle = {Proceedings of the IEEE Conference on Computer Vision and Pattern Recognition (CVPR)},
  pages = {4353--4361},
  year = {2015}
}

@inproceedings{tian2017l2net,
  author = {Tian, Yi and Fan, Bin and Wu, Fuchao},
  title = {L2-Net: Deep Learning of Discriminative Patch Descriptors in Euclidean Space},
  booktitle = {Proceedings of the IEEE Conference on Computer Vision and Pattern Recognition (CVPR)},
  pages = {661--669},
  year = {2017}
}

@inproceedings{mishchuk2017hardnet,
  author = {Mishchuk, Anastasiia and Mishkin, Dmytro and Radenovic, Filip and Matas, Jiri},
  title = {Working Hard to Know Your Neighbor’s Margins: Local Descriptor Learning Loss},
  booktitle = {Advances in Neural Information Processing Systems (NeurIPS)},
  pages = {4826--4837},
  year = {2017}
}

@inproceedings{sarlin2020superglue,
  author = {Sarlin, Paul-Edouard and DeTone, Daniel and Malisiewicz, Tomasz and Rabinovich, Andrew},
  title = {SuperGlue: Learning Feature Matching with Graph Neural Networks},
  booktitle = {Proceedings of the IEEE/CVF Conference on Computer Vision and Pattern Recognition (CVPR)},
  pages = {4938--4947},
  year = {2020}
}

@inproceedings{arandjelovic2016netvlad,
  author = {Arandjelovic, Relja and Gronat, Petr and Torii, Akihiko and Pajdla, Tomas and Sivic, Josef},
  title = {NetVLAD: CNN Architecture for Weakly Supervised Place Recognition},
  booktitle = {Proceedings of the IEEE Conference on Computer Vision and Pattern Recognition (CVPR)},
  pages = {5297--5307},
  year = {2016}
}

@inproceedings{noh2017delf,
  author = {Noh, Hyeonwoo and Araujo, Andre and Sim, Jonghyun and Weyand, Tobias and Han, Bohyung},
  title = {Large-Scale Image Retrieval with Attentive Deep Local Features},
  booktitle = {Proceedings of the IEEE International Conference on Computer Vision (ICCV)},
  pages = {3456--3465},
  year = {2017}
}

@article{oliva2001gist,
  author = {Oliva, Aude and Torralba, Antonio},
  title = {Modeling the Shape of the Scene: A Holistic Representation of the Spatial Envelope},
  journal = {International Journal of Computer Vision},
  volume = {42},
  number = {3},
  pages = {145--175},
  year = {2001},
  publisher = {Springer}
}

@misc{lindenberger2023lightgluelocalfeaturematching,
      title={LightGlue: Local Feature Matching at Light Speed}, 
      author={Philipp Lindenberger and Paul-Edouard Sarlin and Marc Pollefeys},
      eprint={2306.13643},
      archivePrefix={arXiv},
      primaryClass={cs.CV},
      year={2023},
      howpublished={\url{https://arxiv.org/abs/2306.13643}},
}

@article{tyszkiewicz2020disk,
  title={DISK: Learning local features with policy gradient},
  author={Tyszkiewicz, Micha{\l} and Fua, Pascal and Trulls, Eduard},
  journal={Advances in Neural Information Processing Systems},
  volume={33},
  pages={14254--14265},
  year={2020}
}

@article{muja2009fast,
  title={Fast approximate nearest neighbors with automatic algorithm configuration.},
  author={Muja, Marius and Lowe, David G},
  journal={VISAPP (1)},
  volume={2},
  number={331-340},
  pages={2},
  year={2009}
}

@ARTICLE{4815264,
  author={Tola, Engin and Lepetit, Vincent and Fua, Pascal},
  journal={IEEE Transactions on Pattern Analysis and Machine Intelligence}, 
  title={DAISY: An Efficient Dense Descriptor Applied to Wide-Baseline Stereo}, 
  year={2010},
  volume={32},
  number={5},
  pages={815-830},
  keywords={Robustness;Stereo vision;Layout;Image reconstruction;Photometry;Cameras;Pixel;Degradation;Testing;Computer vision;Image processing and computer vision;dense depth map estimation;local descriptors.},
  doi={10.1109/TPAMI.2009.77}}

 @InProceedings{Noh_2017_ICCV,
author = {Noh, Hyeonwoo and Araujo, Andre and Sim, Jack and Weyand, Tobias and Han, Bohyung},
title = {Large-Scale Image Retrieval With Attentive Deep Local Features},
booktitle = {Proceedings of the IEEE International Conference on Computer Vision (ICCV)},
month = {Oct},
year = {2017}
}
@ARTICLE{8382272,
  author={Radenović, Filip and Tolias, Giorgos and Chum, Ondřej},
  journal={IEEE Transactions on Pattern Analysis and Machine Intelligence}, 
  title={Fine-Tuning CNN Image Retrieval with No Human Annotation}, 
  year={2019},
  volume={41},
  number={7},
  pages={1655-1668},
  keywords={Image retrieval;Training;Task analysis;Training data;Three-dimensional displays;Standards;Solid modeling;Image representation, processing and computer vision, computing methodologies, neural nets, pattern recognition, applications},
  doi={10.1109/TPAMI.2018.2846566}}

@article{Blondel_2008,
   title={Fast unfolding of communities in large networks},
   volume={2008},
   ISSN={1742-5468},
   url={http://dx.doi.org/10.1088/1742-5468/2008/10/P10008},
   DOI={10.1088/1742-5468/2008/10/p10008},
   number={10},
   journal={Journal of Statistical Mechanics: Theory and Experiment},
   publisher={IOP Publishing},
   author={Blondel, Vincent D and Guillaume, Jean-Loup and Lambiotte, Renaud and Lefebvre, Etienne},
   year={2008},
   month=oct, pages={P10008} }
